@inproceedings{appel1968some,
  title={Some techniques for shading machine renderings of solids},
  author={Appel, Arthur},
  booktitle={Proceedings of the April 30--May 2, 1968, Spring Joint Computer Conference},
  pages={37--45},
  year={1968},
  organization={ACM}
}
@article{whitted1980improved,
  title={An Improved Illumination Model for Shaded Display},
  author={Whitted, Turner},
  journal={Communications of the ACM},
  year={1980},
  volume={23},
  issue={6}
}
@article{parker2010optix,
  title={OptiX: a general purpose ray tracing engine},
  author={Parker, Steven G and Bigler, James and Dietrich, Andreas and Friedrich, Heiko and Hoberock, Jared and Luebke, David and McAllister, David and McGuire, Morgan and Morley, Keith and Robison, Austin and others},
  journal={ACM Transactions on Graphics (TOG)},
  volume={29},
  number={4},
  pages={66},
  year={2010},
  publisher={ACM}
}
@article{finley2006hsp,
  title={HSP Color Model -- Alternative to HSV (HSB) and HSL},
  author={Darel Rex Finley},
  howpublished={\url{http://alienryderflex.com/hsp.html}},
  year={2006}
}

@article{povray,
  title={POV-Ray},
  author={Cason, CJ and Froehlich, T and Kopp, N and Parker, R and others},
  journal={Persistence of Vision Raytracer Pty. Ltd, Victoria, Australia},
  year={2003}
}
@online{prunier2017triangle,
  title={Ray-Tracing: Rendering a Triangle},
  author={Jean-Colas Prunier},
  journal={Scratchapixel 2.0},
  year={2017},
  volume={1},
  howpublished = {\url{https://www.scratchapixel.com/lessons/3d-basic-rendering/ray-tracing-rendering-a-triangle/}}
}
@online{povray2006render,
 author  = {Gilles Tran},
 title   = {POV-Ray Render using Radiosity},
 year    = {2006},
 howpublished     = {\url{https://commons.wikimedia.org/wiki/File:Glasses_800_edit.png}},
 note    = {This image was created with POV-Ray 3.6 using Radiosity. The glasses, ashtray and pitcher were modeled with Rhino and the dice with Cinema 4D.}
}
@inproceedings{kajiya1986rendering,
  title={The rendering equation},
  author={Kajiya, James T},
  booktitle={ACM Siggraph Computer Graphics},
  volume={20},
  number={4},
  pages={143--150},
  year={1986},
  organization={ACM}
}
@article{nvidia2011cuda,
  title={Nvidia CUDA C Programming Guide},
  author={Nvidia, CUDA},
  journal={Nvidia Corporation},
  year={2011}
}
@book{pharr2016physically,
  title={Physically Based Rendering: From Theory to Implementation},
  author={Pharr, Matt and Jakob, Wenzel and Humphreys, Greg},
  year={2016},
  publisher={Morgan Kaufmann}
}
@article{shirley2016ray,
  title={Ray Tracing in One Weekend},
  author={Shirley, Peter},
  year={2016},
  howpublished = {\url{http://in1weekend.blogspot.com/}}
}
@misc{tivGithub,
  author = {Haustein, Stefan and Tschumperl\'e, David and others},
  title = {TerminalImageViewer},
  year = {2016},
  publisher = {GitHub},
  journal = {GitHub repository},
  howpublished = {\url{https://github.com/stefanhaustein/TerminalImageViewer}},
  commit = {643b56aee1c3836715f6ab2931fa10972d41bfcc}
}
@misc{ncursesLibrary,
  author = {Eric S. Raymond and Thomas E. Dickey and others},
  title = {ncurses},
  year = {1993},
  journal = {C/C++ Library},
  howpublished = {\url{http://invisible-island.net/ncurses/}}
}
